<?xml version="1.0" encoding="UTF-8"?><collection xmlns="http://www.loc.gov/MARC21/slim"><record><leader>00505nam--2200193-i-4500</leader><controlfield tag="001">000020324</controlfield><controlfield tag="002">20161230</controlfield><controlfield tag="005">20161230201033</controlfield><controlfield tag="008">060222s1000------------r-----000-0-rus-d</controlfield><datafield ind1=" " ind2=" " tag="040"><subfield code="a">IFIN-HH</subfield></datafield><datafield ind1=" " ind2=" " tag="041"><subfield code="a">rus</subfield></datafield><datafield ind1=" " ind2=" " tag="080"><subfield code="a">52:629.19</subfield></datafield><datafield ind1="1" ind2=" " tag="100"><subfield code="a">Dubinski, Juraj</subfield></datafield><datafield ind1="1" ind2="0" tag="245"><subfield code="a">Komicke ziarenie</subfield><subfield code="c">Juraj dubinsky, karel kudela</subfield></datafield><datafield ind1=" " ind2=" " tag="260"><subfield code="a">Bratislava</subfield><subfield code="b">Veda Vydavatel Stvo Slovenskej Akademie</subfield><subfield code="c">1984</subfield></datafield><datafield ind1=" " ind2=" " tag="300"><subfield code="a">162 P</subfield></datafield><datafield ind1="1" ind2=" " tag="700"><subfield code="a">Kudela, Karel</subfield></datafield><datafield ind1=" " ind2=" " tag="852"><subfield code="a">72368</subfield><subfield code="c">523</subfield></datafield><datafield ind1=" " ind2=" " tag="CAT"><subfield code="a">Sys</subfield><subfield code="c">20141204</subfield><subfield code="h">191704</subfield></datafield></record></collection>